@online{ 4hourday,
author = {Carlos Tovar Samanez},
title = {Global Campaign for the 4-hour Work Day},
note = {\url{http://4hourworkdaycampaign.wordpress.com/}},
}

@book{ distributed_jobs,
author = {John Adeyanju},
title = {Distributed Jobs},
publisher = {GitHub},
year = {2012}
}
