@online{ rbe,
author = {The Vinus Project},
title = {Resource Based Economy},
note = {\url{http://www.thevenusproject.com/the-venus-project/resource-based-economy}},
}

@online{ tzfs,
author = {Peter Joseph},
title = {The Zeitgeist Film Series Gateway},
note = {\url{http://www.zeitgeistmovie.com/}},
}
