@book{ organism_growth,
author = {Geoffrey West},
title = {The surprising math of cities and corporations},
year = {2011},
publisher = {TED},
}

@online{ 4hourday,
author = {Carlos Tovar Samanez},
title = {Global Campaign for the 4-hour Work Day},
note = {\url{http://4hourworkdaycampaign.wordpress.com/}},
}