@book{ gaming,
author = {Jane McGonigal},
title = {Gaming can make a better world},
url = {www.ted.com/talks/jane\_mcgonigal\_gaming\_can\_make\_a\_better\_world.html},
year = {2010},
publisher = {TED},
}
       
@online{ git,
author = "Linus Torvalds",
title = {Git},
note = {\url{http://git-scm.com/}},
year = {2005},
}

@book{ simple_law,
author = {Philip K. Howard},
title = {Four ways to fix a broken legal system},
year = {2010},
url = {http://www.ted.com/talks/philip_howard.html},
publisher = {TED},
}

@online{ nuweb,
author = {Preston~Briggs, John~D.~Ramsdell, Marc~W.~Mengel},
title = {Nuweb Version 1.57 A Simple Literate Programming Tool},
year = {},
url = {},
}

@online{ rbe,
author = {The Vinus Project},
title = {Resource Based Economy},
note = {\url{http://www.thevenusproject.com/the-venus-project/resource-based-economy}},
}

@online{ github,
title = {GitHub},
note = {\url{https://github.com/about}},
}

@online{ tzfs,
author = {Peter Joseph},
title = {The Zeitgeist Film Series Gateway},
note = {\url{http://www.zeitgeistmovie.com/}},
}
