@book{ gaming,
author = {Jane McGonigal},
title = {Gaming can make a better world},
url = {www.ted.com/talks/jane\_mcgonigal\_gaming\_can\_make\_a\_better\_world.html},
year = {2010},
publisher = {TED},
}
       
@online{ git,
author = "Linus Torvalds",
title = {Git},
note = {\url{http://git-scm.com/}},
year = {2005},
}
      
@book{ peace_game,
author = {John Hunter},
title = {World Peace Game},
year = {2011},
publisher = {TED},
url = www.huffingtonpost.com/2011/12/26/world-peace-game\_n\_1169863.html},
}

@book{ simple_law,
author = {Philip K. Howard},
title = {Four ways to fix a broken legal system},
year = {2010},
url = {http://www.ted.com/talks/philip_howard.html},
publisher = {TED},
}

@book{ severn,
author = {Severn Suzuki},
title = {Severn Suzuki speaking at UN Earth Summit 1992},
year = {1992},
url = {www.youtube.com/watch?v=uZsDliXzyAY},
publisher = {YouTube},
}

@online{ nuweb,
author = {Preston~Briggs, John~D.~Ramsdell, Marc~W.~Mengel},
title = {Nuweb Version 1.57 A Simple Literate Programming Tool},
year = {},
url = {},
}

@online{ einstein,
author = {Albert Einstein Quotes - The Quotations Page},
title = {},
note = {\url{www.quotationspage.com/quotes/Albert_Einstein}},
}

@book{ c_c,
author = {Rachel Botsman},
title = {The case for collaborative consumption},
year = {2010},
url = {www.youtube.com/watch?v=uZsDliXzyAY},
publisher = {TED},
}

@book{ motivation,
author = {Dan Pink},
title = {The puzzle of motivation},
year = {2009},
url = {},
publisher = {TED},
}

@book{ inequality,
author = {Richard Wilkinson},
title = {How economic inequality harms societies},
year = {2011},
url = {},
publisher = {TED},
}

@online{ rbe,
author = {The Vinus Project},
title = {Resource Based Economy},
note = {\url{http://www.thevenusproject.com/the-venus-project/resource-based-economy}},
}

@online{ tzm,
author = {Peter Joseph},
title = {The Zeitgeist Movement},
note = {\url{http://en.wikipedia.org/wiki/The_Zeitgeist_Movement}},
}

@online{ tzfs,
author = {Peter Joseph},
title = {The Zeitgeist Film Series Gateway},
note = {\url{http://www.zeitgeistmovie.com/}},
}

@online{ github,
title = {GitHub},
note = {\url{https://github.com/about}},
}
